% Encoding: UTF-8

@Misc{Buzzo2015,
  author        = {Lucas Buzzo},
  title         = {História dos Drones: do início aos dias de hoje.},
  year          = {2015},
  url           = {https://odrones.com.br/historia-dos-drones},
  urlaccessdate = {11 set. 2019},
}

@Misc{CEA2018,
  author        = {{Departamento de Controle do Espaço Aéreo}},
  title         = {Aeronaves Não Tripuladas E O Acesso Ao Espaço Aéreo Brasileiro},
  year          = {2018},
  url           = {https://publicacoes.decea.gov.br/?i=publicacao&id=4944},
  urlaccessdate = {11 set. 2019},
}

@Book{Custers2016,
  title     = {The Future of Drone Use: Opportunities and Threats from Ethical and Legal Perspectives},
  publisher = {T.M.C. Asser Press},
  year      = {2016},
  editor    = {Bart Custers},
  series    = {Information Technology and Law Series},
  isbn      = {9789462651326},
  url       = {https://books.google.com.br/books?id=WytEDQAAQBAJ},
}

@Book{Laplante2004,
  title     = {Real-Time Systems Design And Analysis},
  publisher = {IEEE Press},
  year      = {2004},
  author    = {Phillip A. Laplante},
  editor    = {Stamatios V. Kartalopoulos},
  isbn      = {0-471-22855-9},
}

@Misc{Parrot2019,
  author        = {Parrot},
  title         = {Parrot for developers},
  year          = {2019},
  url           = {https://developer.parrot.com/docs/SDK3},
  urlaccessdate = {02 set. 2019},
}

@Misc{Parrot2019a,
  author        = {Parrot},
  title         = {Parrot homepage},
  year          = {2019},
  url           = {https://www.parrot.com/global/drones/parrot-ardrone-20-elite-edition/},
  urlaccessdate = {02 set. 2019},
}

@Misc{Linux,
  author        = {Linus Torvalds},
  title         = {Kernel Linux},
  year          = {2017},
  url           = {https://www.kernel.org/linux.html/},
  urlaccessdate = {24 out. 2019},
}

@Misc{LinuxFoundation,
  author        = {{Linux Foundation}},
  title         = {Linux Foundation Members},
  year          = {2019},
  url           = {https://www.linuxfoundation.org/membership/members/},
  urlaccessdate = {24 out. 2019},
}

@Book{LinuxDeviceDrivers,
  title     = {Linux Device Drivers},
  publisher = {O’Reilly Media, Inc.},
  year      = {2009},
  author    = {Jonathan Corbet and Alessandro Rubini and Greg Kroah-Hartman},
  editor    = {Andy Oram},
  isbn      = {0-596-00590-3},
}

@Book{InsideMicrosoftWindows,
  title     = {Inside Microsoft Windows},
  publisher = {David Solomon Expert Seminars, Inc.},
  year      = {2000},
  author    = {David A. Solomon and Mark Russinovich},
  editor    = {Microsoft Press},
  isbn      = {3-86063-630-8},
}

@Thesis{Gerhorst2018,
  author        = {Luis Gerhorst},
  title         = {Analysis of Interrupt Handling Overhead in the Linux Kernel},
  school        = {Friedrich-Alexander-Universität Erlangen-Nürnberg (FAU)},
  year          = {2018},
  type          = {TCC},
}

@Article{Regnier2008,
  author  = {Paul Regnier and George Lima and Luciano Barreto},
  title   = {{Avaliação do determinismo temporal no tratamento de interrupções em plataformas de tempo real Linux}},
  journal = {WSO – Workshop de Sistemas Operacionais},
  year    = {2008},
}

@Misc{Solc2016,
  author        = {Tomaž Šolc},
  title         = {{Interrupt response times on Arduino and Raspberry Pi}},
  year          = {2016},
  url           = {https://www.tablix.org/~avian/blog/archives/2016/04/measuring_interrupt_response_times/},
  urlaccessdate = {08 out. 2019},
}

@Misc{McKenney2005,
  author        = {Paul McKenney},
  title         = {{A realtime preemption overview}},
  year          = {2005},
  url           = {https://lwn.net/Articles/146861/},
  urlaccessdate = {28 out. 2019},
}

@Misc{Huang2017,
  author        = {Jim Huang and Chung-Fan},
  title         = {Effectively Measure and Reduce Kernel Latencies for Real-time Constraints},
  year          = {2017},
  url           = {http://events17.linuxfoundation.org/sites/events/files/slides/ELC2017-%20Effectively%20Measure%20and%20Reduce%20Kernel%20Latencies%20for%20Real-time%20Constraints%20%281%29.pdf},
  urlaccessdate = {15 nov. 2019},
}

@Misc{LinuxInterrupts,
  author        = {{The kernel development community}},
  title         = {Interrupts - The Linux Kernel documentarion},
  year          = {2019},
  url           = {https://linux-kernel-labs.github.io/master/lectures/interrupts.html/},
  urlaccessdate = {15 nov. 2019},
}

@Misc{Taian2019,
  author        = {Taian Fonseca Feitosa},
  title         = {{Repositório de código do TCC}},
  year          = {2019},
  url           = {https://github.com/taianf/kernel-tcc/},
  urlaccessdate = {29 out. 2019},
}


@Misc{Molnar2016,
  author        = {Ingo Molnar},
  title         = {{CONFIG PREEMPT RT Patch}},
  year          = {2016},
  url           = {https://rt.wiki.kernel.org/index.php/CONFIG_PREEMPT_RT_Patch/},
  urlaccessdate = {28 out. 2019},
}

@Misc{Xenomai2005,
  author        = {{The Xenomai project}},
  title         = {{Life with ADEOS}},
  year          = {2005},
  url           = {https://xenomai.org/documentation/branches/v2.0.x/pdf/Life-with-Adeos.pdf/},
  urlaccessdate = {28 out. 2019},
}

@Misc{Cartwrigh2018,
  author        = {Julia Cartwright},
  title         = {Embedded Linux Conference in Portland},
  year          = {2018},
  url           = {https://www.linux.com/tutorials/developers-prepare-your-drivers-real-time-linux/},
  urlaccessdate = {14 nov. 2019},
}

@Misc{Spark2009,
  author        = {{The Apache Software Foundation}},
  title         = {{Apache Spark}},
  year          = {2009},
  url           = {https://spark.apache.org/},
  urlaccessdate = {13 nov. 2019},
}

@Book{OReilly,
  title     = {{Understanding the Linux Kernel}},
  publisher = {O'Reilly Media, Inc.},
  year      = {2005},
  author    = {Marco Cesati and Daniel P. Bovet},
  editor    = {Sabrina Levensteinas},
  isbn      = {0596005652},
}

@Misc{Riva,
  author        = {Mauro Riva},
  title         = {{Raspberry Pi: Real Time System - Preempt-RT Patching Tutorial for Kernel 4.14.y}},
  year          = {2018},
  url           = {https://lemariva.com/blog/2018/07/raspberry-pi-preempt-rt-patching-tutorial-for-kernel-4-14-y},
  urlaccessdate = {08 out. 2019},
}

@Thesis{Johansson2018,
  author = {Gustav Johansson},
  title  = {{Real-Time Linux Testbench on Raspberry Pi 3 using Xenomai}},
  school = {KTH ROYAL INSTITUTE OF TECHNOLOGY},
  year   = {2018},
  type   = {Degree Project},
}

@Book{Tanenbaum2016,
  title     = {{Sistemas Operacionais Modernos}},
  publisher = {Pearson Education do Brasil Ltda},
  year      = {2016},
  author    = {Andrew S. Tanenbaum and Herbert Bos},
  editor    = {Sabrina Levensteinas},
  isbn      = {978-85-4301-818-8},
}

@TechReport{Rothberg2015,
  author      = {Valentin Rothberg},
  institution = {Friedrich-Alexander-Universitat Erlangen-Nurnberg, Dept. of Computer Science},
  title       = {Interrupt Handling in Linux},
  year        = {2015},
  month       = {Novembro},
  number      = {CS-2015-07},
  journal     = {Proceedings of the 3rd linux.conf.au Conference.},
}

@Misc{RPF2019,
  author        = {{Raspberry Pi Foundation}},
  title         = {Raspberry homepage},
  year          = {2019},
  url           = {https://www.raspberrypi.org/},
  urlaccessdate = {02 set. 2019},
}

@Thesis{Sousa2017,
  author        = {André Vinícius Farias Sousa},
  title         = {Uma infraestrutura de nuvem de simulação para missões baseadas em drones},
  school        = {Universidade Federal da Bahia},
  year          = {2017},
  type          = {TCC},
}

@Article{Wilcox2003,
  author  = {Matthew Wilcox},
  title   = {I’ll Do It Later: Softirqs, Tasklets, Bottom Halves, Task Queues, Work Queues and Timers},
  journal = {Proceedings of the 3rd linux.conf.au Conference.},
  year    = {2003},
}

@Comment{jabref-meta: databaseType:bibtex;}

@Comment{jabref-entrytype: Thesis: req[author;title;school;year] opt[type;address;month;note]}