@Article{AlKaraki04,
  author =	 {J.N. Al-Karaki and A.E. Kamal},
  title =	 {Routing techniques in wireless sensor networks: a survey},
  journal =	 {Wireless Communications},
  year =	 2004,
  volume =	 11,
  number =	 6,
  pages =	 {6-28}
}

@Article{Abadi94,
  author =   {M. Abadi and L. Lamport},
  title =    {An old-fashioned recipe for real time},
  journal =  {ACM Trans. on Programming Languages and Systems},
  year =     {1994},
  volume =   {16},
  number =   {5},
  pages =    {1543-1571},
  Optmonth =    {September}
}

@InCollection{Abadi96,
  author = 	 {M. Abadi and S. Merz},
  title = 	 {On {TLA} as a logic},
  booktitle = 	 {Deductive Program Design},
  pages = 	 {235-271},
  publisher =    {Springer-Verlag},
  year = 	 {1996},
  editor = 	 {M. Broy},
  series = 	 {NATO ASI Series},
}

@InProceedings{Abeni02,
  author =	 {L. Abeni and A. Goel and C. Krasic and J. Snow and J. Walpole},
  title =	 {A measurement-based analysis of the real-time performance of the linux kernel},
  booktitle =	 {Proc. of the Real-Time Technology and Applications Symposium (RTAS02)},
  year =	 2002,
  pages =	 {1-4}
}

@Article{Alur96,
  author =   {R. Alur and T.A. Henzinger and P.-H. Ho},
  title =    {Automatic Symbolic Verification of Embedded Systems},
  journal =      {IEEE Trans. on Software Engineering},
  year =     {1996},
  volume =   {22},
  optnumber =   {},
  pages =    {181-201}
}

@InProceedings{Antolovic06,
  author =	 {M. Antolovic and K. Acton and N. Kalappa and S. Mantri and
                  J. Parrott and J. Luntz and J. Moyne and D. Tilbury},
  title =	 {PLC Communication using PROFINET: Experimental Results and
                  Analysis},
  booktitle =	 {Proc. of the {IEEE} Conference on Emerging Technologies and Factory
                  Automation (ETFA '06) },
  year =	 2006,
  pages =	 {1-4}
}

@Article{Audsley93,
  author =	 {N. C. Audsley and A. Burns and M. Richardson and K. Tindell and
                  A. J. Wellings},
  title =	 {Applying new scheduling theory to static priority pre-emptive
                  scheduling},
  journal =	 {Software Engineering Journal},
  year =	 1993,
  volume =	 8,
  number =	 5,
  pages =	 {284-292}
}

@Article{Auslander96,
  author =	 {D. M. Auslander},
  title =	 {What is Mechatronics},
  journal =	 {IEEE/ASME Trans. on Mechatronics},
  year =	 1996,
  volume =	 1,
  number =	 1,
  pages =	 {5-9}
}

@Article{Avizienis04,
  author =	 {A. Avi{\v z}ienis and J.-C. Laprie and B. Randell and C. Landwehr},
  title =	 {Basic concepts and taxonomy of dependable and secure computing},
  journal =	 {IEEE {T}ransactions on {D}ependable and {S}ecure {C}omputing},
  year =	 2004,
  volume =	 1,
  number =	 1,
  pages =	 {11-33},
}

@Book{Babaoglu93,
  author = 	 {{\" O}. Babao{\v g}lu and S. Toueg},
  title = 	 {Distributed Systems},
  publisher = 	 {S. J. Mullender, Addison-Wesley},
  year = 	 {1993},
  OPTeditor =    {}, 
  series = 	 {Chapter 6: {U}nderstanding Non-Blocking Atomic Commitment},
}

@Book{Bach86,
  author =	 {M. Bach},
  publisher =	 {Prentice-Hall},
  title =	 {The Design of the Unix Operating System},
  year =	 1986,
}

@InProceedings{Baker07,
  author =     {T. P. Baker and An-I Andy Wang and M. J. Stanovich},
  title =         {Fitting Linux Device Drivers into an Analyzable Scheduling},
  booktitle = {Proc. of the Workshop on Operating Systems Platforms for Embedded
                     Real-Time applications (OSPERT'07)},
  pages =      {1--9},
  year =        {2007},
}

@MastersThesis{Barabanov97,
  author = 	 {M. Barabanov},
  title = 	 {A {L}inux based real-time operating system},
  school = 	 {New Mexico Institution of Mining and Technology},
  year = 	 {1997},
}

@InProceedings{Barboza06,
  author =       {F. Barboza and A. Andrade and F. Assis Silva and G. Lima},
  title =        {Specification and Verification of the {IEEE} 802.11
                  Medium Access Control and an Analysis of its Applicability
                  to Real-Time Systems},
  booktitle =    {BSFM},
  year =         {2006},
  pages =        {9-26},
  volume = 	 {1},
  optpublisher = {},
}

@InProceedings{Batson03,
  author =       {B. Batson and L. Lamport},
  title =        {High-level specifications: {L}essons from industry},
  booktitle =    {Formal Methods for Components and Objects},
  year =         {2003},
  pages =        {242-261},
  editor = 	 {In Frank S. de Boer et al.},
  series = 	 {LNCS},
  volume = 	 {2852},
  publisher =    {Springer},
}

@Article{Benedetto03,
  author = 	 {M.-G. Di Benedetto and  B. R. Vojcic},
  title = 	 {Ultra-Wide Band Communications: A Tutorial},
  journal = 	 {IEEE J.of Communications and Networks},
  year = 	 {2003},
  volume = 	 {5},
  number = 	 {4},
  pages = 	 {290-302},
  Optmonth =        {}
}

@Book{Ben01,
  author =	 {M. Ben-Ari},
  publisher =	 {Springer},
  title =	 {Mathematical logic for computer science},
  edition =	 {2nd},
  year =	 2001,
}

@Book{Berard01,
  author =	 {B. Bérard and M. Bidoit and A. Finkel and F. Laroussinie and
                  A. Petit and L. Petrucci and P. Schnoelbelen and P. McKenzie},
  publisher =	 {Springer},
  title =	 {Systems and software verification: model-checking and tools},
  year =	 2001,
}

@InProceedings{Berry83,
  author =	 {G. Berry and S. Moisan and J. P. Rigault},
  title =	 {Esterel: {T}owards a synchronous and semantically sound high level
                  language for real time applications},
  booktitle =	 {Proc. {IEEE} Real Time Systems Symp.},
  year =	 1983,
  pages =	 {30-40},
  address =	 {Arlington Virginia},
  publisher =	 {IEEE Catalog 83CH1941-4},
}


@Article{Berry92,
  author =       {G. Berry and G. Gonthier},
  title =        {The {E}sterel synchronous programming language:
                  {D}esign, semantics, implementation},
  journal =      {Science Of Computer Programming},
  year =         {1992},
  volume =       {19},
  number =       {2},
  pages =        {87-152}
}

@InCollection{Berry00,
  author = 	 {G. Berry},
  title = 	 {The Foundations of Esterel},
  booktitle = 	 {Proof Language and Interaction  Essays in
                  Honour of Robin Milner},
  optpages = 	 {235-271},
  publisher =    { MIT Press},
  year = 	 {2000},
  editor = 	 {To appear in G. Plotkin, C. Stirling and M. Tofte},
  optseries = 	 {NATO ASI Series},
}


@Article{Bisson04,
  author =   {K. Bisson and T. Troshynski},
  title =    {Switched Ethernet testing for avionics applications},
  journal =      {Aerospace and Electronic Systems Magazine, IEEE},
  year =     {2004},
  volume =   {19},
  number =   {5},
  pages =    {31-35}
}

@Book{Bovet05,
  author =	 {D. P. Bovet, M. Cesati},
  publisher =	 {O'Reilly},
  title =	 {Understanding the Linux Kernel},
  edition =	 {3rd},
  year =	 2005,
}

@Book{Burns01,
  author =	 {A. Burns and A. Wellings},
  publisher =	 {O'Reilly},
  title =	 {Real-Time Systems and Programming Languages Ada 95, Real-Time Java
                  and Real-Time POSIX},
  edition =	 {3d},
  year =	 2001,
}

@InProceedings{ Calandrino06,
  author =	 {J. Calandrino and H. Leontyev and A. Block and U. Devi and
                  J. Anderson},
  title =	 {LITMUS$^{RT}$: A testbed for empirically comparing real-time
                  multiprocessor schedulers},
  booktitle =	 {In Proceedings of the 27th {IEEE} Real-Time Systems Symposium},
  year =	 2006,
  pages =	 {111-126}
}

@Article{Cansell01,
  author =       {D. Cansell and D. Méry and S. Merz},
  title =        {Diagram refinements for the design of reactive systems},
  journal =      {Journal of Universal Computer Science},
  year =         {2001},
  volume =       {7},
  number =       {2},
  pages =        {159--174}
}

@InProceedings{Carpenzano02,
  author =	 {A. Carpenzano and R. Caponetto and L. Lo Bello and O. Mirabella},
  title =	 {Fuzzy traffic smoothing: An approach for real-time communication
                  over {E}thernet networks},
  booktitle =	 {Proc. of the 4th {IEEE} Int. Workshop Factory Communication Systems},
  year =	 2002,
  pages =	 {241-248}
}

@InProceedings{Carreiro03,
  author = 	 {F. B. Carreiro and J. A. Fonseca and P. Pedreiras},
  title = 	 {{V}irtual {T}oken-{P}assing {E}thernet - {VTPE}},
  crossref =     {fet03},
}

@inproceedings{Casetti05,
  author =        {C. Casetti and C.-F. Chiasserini and M. Fiore
                   and M. Garetto}, 
  title =         {Notes on the inefficiency of 802.11e HCCA},
  booktitle =     {Vehicular Technology Conference. VTC-2005-Fall. {IEEE} 62nd},
  year =          {2005},
  volume =        {4},
  pages =         {2513--2517},
  publisher =     {IEEE Computer Society},
  OPTaddress =       {Washington, DC, USA},
}

@inproceedings{Casimiro00,
  author =	 {A. Casimiro and P. Martins and P. Veríssimo},
  title =	 {How to build a timely computing base using real-time linux},
  booktitle =	 {In Proceedings of the 2000 {IEEE} International Workshop on Factory
                  Communication Systems},
  year =	 2000,
  pages =	 {1327--1343},
  publisher =	 {IEEE Industrial Electronics Society},
  address =	 {Porto, Portugal},
}

@Article{Chandra96,
  author =	 {T. D. Chandra and S. Toueg},
  title =	 {Unreliable failure detectors for reliable distributed systems},
  journal =	 {Journal of ACM},
  year =	 1996,
  volume =	 43,
  number =	 2,
  pages =	 {225-267},
  note =	 {A preliminary version appeared in},
  annote =	 {Proc. 10th ACM Symp. Principles of Distributed Computing
                  pp.325-340, 1991},
}

@inproceedings{Charara05,
 author =        {H. Charara and C. Fraboul},
 title =         {Modelling and Simulation of an Avionics Full Duplex
                  Switched Ethernet},
 booktitle =     {AICT-SAPIR-ELETE '05: Proceedings of the Advanced Industrial
                  Conference on Telecommunications/Service Assurance with
                  Partial and Intermittent Resources Conference/E-Learning
                  on Telecommunications Workshop (AICT/SAPIR/ELETE'05)},
 year =          {2005},
 pages =         {207--212},
 publisher =     {IEEE Computer Society},
 OPTaddress =       {Washington, DC, USA},
 }

@Misc{Charpentier03,
  author =	 {M. Charpentier},
  title =	 {Case Study in {TLA+} / {TLC}},
  howpublished = {http://www.cs.unh.edu/\%7Echarpov/Teaching/CS-986/, Last access
                  may 2006},
  year =	 2003,
}

@InProceedings{Chen04,
  author =	 {Ya-Shu Chen and Li-Pin Changand and Tei-Wei Kuo},
  title =	 {A configurable synchronization protocol for real-time
                  self-suspending processes},
  booktitle =	 {Proc. of 10th {I}nternational {C}onference on {R}eal-{T}ime
                  {C}omputing {S}ystems and {A}pplications (RTCSA 2004)},
  year =	 2004,
  address =	 {Gothenburg, Sweden},
}

@Book{Clarke99,
  author = 	 {E. M. Clarke and O. Grumberg and D. Peled},
  title = 	 {Model Checking},
  publisher = 	 {MIT Press},
  year = 	 {1999},
}

@Book{Clarke01,
  author =	 {E. M. Clarke and B.-H. Schlingloff},
  title =	 {Handbook of Automated Reasonning},
  publisher =	 {A. Robinson and A. Voronkov, Elsevier Science Publishers},
  year =	 2001,
  series =	 {Chapter 21: {M}odel checking},
}

@Book{Corbet05,
  author =	 {J. Corbet and A. Rubini and G. Kroah-Hartman},
  title =	 {Linux Device Drivers},
  publisher =	 {O'Reilly \& Associates Inc.},
  year =	 2005,
  edition =	 3,
}


@Misc{Corbet05a,
  author = 	 {J. Corbet },
  title = 	 {Realtime and interrupt latency},
  howpublished = {http://lwn.net/Articles/139784/},
  year = 	 {2005},
  note = 	 {Last access 01 / 2008},
}

@Book{,
  author =	 {J. Corbet and A. Rubini and G. Kroah-Hartman},
  title =	 {Realtime and interrupt latency},
  publisher =	 {O'Reilly \& Associates Inc.},
  year =	 2005,
  edition =	 3,
}

@InProceedings{Cristian88,
  author =	 {F. Cristian},
  title =	 {Agreeing on who is present and who is absent in a synchronous
                  distributed system},
  booktitle =	 {Proc. of 18th {I}nternational {C}onference on {F}ault-{T}olerant
                  {C}omputing},
  publisher =	 {IEEE Computer Society Press},
  year =	 1988,
  address =	 {Tokyio, Japan},
}

@Article{Cristian89,
  author =	 {F. Cristian},
  title =	 {Probabilistic clock synchronization},
  journal =	 {Distributed Computing},
  year =	 1989,
  volume =	 3,
  pages =	 {146-158},
}

@Article{Cristian91,
  author =	 {F. Cristian},
  title =	 {Reaching agreement on processor group membership in {S}ynchronous
                  {D}istributed {S}ystems},
  journal =	 {Distributed Computing},
  year =	 1991,
  volume =	 4,
  pages =	 {175-187},
  month =	 {Jun.},
}

@TechReport{Cristian95a,
  author =	 {F. Cristian and F. Schmuck},
  title =	 {Agreeing on processor-group membership in timed asynchronous
                  distributed systems},
  institution =	 {UCSD},
  year =	 1995,
  number =	 {CSE95-428},
}

@Article{Cristian95b,
  author =	 {F. Cristian and H. Aghiliand R. Strong and D. Dolev},
  title =	 {Atomic broadcast: From simple message diffusion to {B}yzantine
                  agreement},
  journal =	 {{I}nformation and {C}omputation},
  year =	 1995,
  volume =	 118,
  pages =	 {158-179},
  month =	 {April},
  note =	 {Early version: FTCS15, June 1985}
}

@Article{Cristian96,
  author = 	 {F. Cristian},
  title = 	 {Synchronous and asynchronous group communication},
  journal = 	 {Communications of the ACM},
  year = 	 {1996},
  number =       {4},
  volume =       {39},
  pages =   	 {88-97},
}

@Article{Crow97,
  author =	 {B.P. Crow and I. Widjaja and L.G. Kim and P.T. Sakai},
  title =	 {IEEE 802.11 Wireless Local Area Networks},
  journal =	 {Communications Magazine, IEEE},
  year =	 1997,
  number =	 9,
  volume =	 35,
  pages =	 {116-126},
}

@Article{Decotignie05,
  author =	 {J.-D. Decotignie},
  title =	 {Ethernet-based real-time and industrial communications},
  journal =	 {Proc. {IEEE} (Special issue on industrial communication systems)},
  year =	 2005,
  volume =	 93,
  number =	 6,
  pages =	 {1102-1117},
  month =	 {Jun.},
}

@Book{David03,
  author = 	 {R. David and K. Nour and C. Rafffali},
  title = 	 {Introduction à la logique - {T}héorie de la démonstration},
  publisher = 	 {Dunod - {S}ciences {S}up},
  year = 	 {2003},
  edition = 	 {2nd},
}

@Article{Davis07,
  author =	 {R. L. Davis and A. Burns and R. J. Bril and J. J. Lukkien},
  title =	 {Controller area network (CAN) schedulability analysis: Refuted,
                  revisited, and revised},
  journal =	 {Real-Time Systems},
  year =	 2007,
  volume =	 35,
  number =	 3,
  pages =	 {239--272},
}

@InProceedings{Daws96,
  author = 	 {C. Daws and A. Olivero and S. Tripakis and S. Yovine},
  title = 	 {The tool {K}ronos},
  booktitle =    {Proc. of Hybrid Systems III, Verification and Control,
                  LNCS 1066},
  publisher =    {Springer-Verlag},
  year = 	 {1996},
  pages =   	 {208-219},
}

@Article{Dijkstra65,
  author =	 {E. Dijkstra},
  title =	 {Solution of a problem in concurrent programming and control},
  journal =	 {Communications of the ACM},
  year =	 1965,
  volume =	 8,
  number =	 9,
  pages =	 569,
  month =	 {September},
}

@InProceedings{Dolejs04,
  author =	 {O. Dolejs and P. Smolik and Z. Hanzalek},
  title =	 {On the {E}thernet use for real-time publish-subscribe based
                  applications},
  pages =	 {39-44},
  crossref =	 {wfcs04},
}

@Article{Dolev87,
  author =	 {D. Dolev and C. Dwork and L. Stockmeyer},
  title =	 {On the {M}inimal {S}ynchronism needed for {D}istributed
                  {C}onsensus},
  journal =	 {Journal of the ACM},
  year =	 1987,
  volume =	 34,
  number =	 1,
  pages =	 {77-97},
  month =	 {January},
}

@InProceedings{Dozio03,
  author =	 {L. Dozio and P. Mantegazza},
  title =	 {Linux Real Time Application Interface ({RTAI}) in Low Cost
High Performance Motion Control},
  booktitle =	 {Proceedings of the conference of ANIPLA,
                          Associazione Nazionale Italiana per l'Automazione},
  year =	 2003,
}
@Article{Felser05,
  author =	 {M. Felser},
  title =	 {Real-Time Ethernet-Industry Prospective},
  journal =	 {Invited Paper - Proceedings of the IEEE},
  year =	 2005,
  volume =	 93,
  number =	 6,
  pages =	 {1118-1129},
}


@InProceedings{Fischer96,
  author=        {Stefan Fischer},
  title=         {Implementation of multimedia systems based on a
                  real-time extension of {Estelle}},
  booktitle=     {Formal Description Techniques {IX}: {Theory}, application
                  and tools},
  OPTeditor=        {Reinhard Gotzhein and Jan Bredereke},
  OPTadress=        {London},
  publisher=     {Chapman \& Hall},
  OPTcomment=       {FORTE'96, Kaiserslautern},
  pages=         {310--326},
  year=          {1996}
}

@InProceedings{Fry07,
  author =	 {G. Fry and R. West},
  title =	 {On the Integration of Real-Time Asynchronous Event Handling
                  Mechanisms with Existing Operating System Services},
  booktitle =	 {Proceedings of the International Conference on Embedded Systems
                  and Applications (ESA'07)},
  year =	 2007,
}

@InProceedings{Garg03,
  author =	 {P. Garg and R. Doshi and R. Greene and M. Baker and M. Malek and
                  X. Cheng},
  title =	 {Using {IEEE} 802.11e MAC for QoS over wireless},
  booktitle =	 {Proceedings of the 2003 {IEEE} Conference on International
                  Performance, Computing, and Communications},
  year =	 2003,
  pages =	 {537-542},
}

@Misc{Gerum05,
  author = 	 {P. Gerum},
  title = 	 {Life with ADEOS},
  howpublished = {{www.xenomai.org/documentation/branches/v2.0.x/pdf/Life-with-Adeos.pdf}},
  year = 	 {2005},
  note = 	 {Last access 01 / 2008},
}

@InProceedings{Guo05,
  author =	 {Hai-Bo Guo and Geng-Sheng Kuo},
  title =	 {{CSMA} with priority reservation by interruptions for efficiency
                  improvement and {QoS} support},
  booktitle =	 {IEEE Consumer Communications and Networking Conference},
  month =	 {January},
  year =	 2005,
}

@Article{Gorender07,
  author =   {S. Gorender and R. J. de A. Mac\^edo and M. Raynal},
  title =    {An Adaptive Programming Model for Fault-Tolerant
              Distributed Computing},
  journal =   {IEEE Transactions on Dependable and Secure Computing},
  year =     {2007},
  volume =   {4},
  number =   {1},
  pages =    {18-31}
}

@Book{Gorz77,
  author = 	 {A. Gorz},
  publisher = 	 {Galilée},
  title = 	 {{Écologie et Liberté}},
  year = 	 {1977},
}

@TechReport{Hanssen03,
  author =	 {F. T. Y. Hanssen and P. G. Jansen},
  title =	 {Real-time communication protocols: an overview},
  institution =	 {University of {T}wente},
  year =	 2003,
  number =	 {TR-CTIT-03-49},
  address =	 {The {N}etherlands},
}

@InProceedings{Hanssen05,
  author =	 {F. T. Y. Hanssen and P. G. Jansen and J. Scholten and
                  S. J. Mullender},
  title =	 {{RT}net: a distributed real-time protocol for broadcast-capable
                  networks},
  booktitle =	 {IEEE {J}oint {I}nt. {C}onf. on {A}utonomic and {A}utonomous
                  {S}ystems and {I}nt. {C}onf. on {N}etworking and {S}ervices
                  (ICAS/ICNS)},
  publisher =	 {IEEE Computer Society Press},
  editor =	 {pp electronic edition},
  address =	 {Los Alamitos, California, held in Papeete, French Polynesia},
  month =	 {Oct.},
  year =	 2005,
  pages =	 {168-177}
}

@InProceedings{Hanssen06,
  author =       {F. Hanssen and A. Mader and P. G. Jansen},
  title =        {{Verifying the distributed real-time network protocol
                  RTnet using UPPAAL}},
  booktitle =    {14th {IEEE} Int. Symp. on Modeling, Analysis,
                  and Simulation of Computer and Telecom. Systems},
  publisher =    {IEEE Computer Society Press},
  year =         {2006},
}

@InProceedings{Henzinger91,
  author =       {T. Henzinger and Z. Manna and A. Pnueli},
  title =        {Temporal proof methodologies for real-time systems},
  booktitle =    {Proc. of the 18th Annual Symposium on Principles of
                  Programming Languages},
  publisher =    {ACM Press},
  year =         {1992},
  pages =        {353-366}
}

@Article{Hermant02,
  author =	 {J.-F. Hermant and G. {LE LANN}},
  title =	 {Fast asynchronous uniform consensus in real-time distributed
                  systems},
  journal =	 {IEEE Transactions on Computers},
  year =	 2002,
  volume =	 51,
  number =	 8,
  pages =	 {931-944},
  month =	 {August},
}


@InProceedings{Johnson04,
  author =       {J. E. Johnson and D. E. Langworthy and L. Lamport
                  and F. H. Vogt},
  title =        {Formal specification of a web services protocol},
  booktitle =    {Proc. of Web Services and Formal Methods},
  year =         {2004},
  address = 	 {Pisa, Italy},
  OPTpages =     {45-48}
}    

@InProceedings{Kiszka05a,
  author =	 {J. Kiszka},
  title =	 {The {R}eal-{T}ime {D}river {M}odel and First Applications},
  booktitle =	 {Proc. of the 7th Real-Time Linux Workshop},
  year =	 2005,
}

@InProceedings{Kiszka05b,
  author =	 {J. Kiszka and B. Wagner and Y. Zhang and J. Broenink},
  title =	 {{RT}net-{A} Flexible Hard Real-Time Networking Framework},
  booktitle =	 {Proc. of the 10th {IEEE} International Conference on Emerging
                  Technologies and Factory Automation},
  publisher =	 {IEEE Computer Society Press},
  year =	 2005,
}

@Book{Kopetz97,
  author =	 {H. Kopetz},
  title =	 {Real-time systems. Design principles for distributed embedded
                  applications},
  publisher =	 {Kluwer Academic Publishers},
  year =	 1997,
}

@InProceedings{Kopetz98,
  author =	 {H. Kopetz},
  title =	 {{T}he {T}ime-{T}riggered model of computation},
  booktitle =	 {Proc. of the 19th Real-Time Systems Symposium (RTSS)},
  publisher =	 {IEEE Computer Society Press},
  year =	 1998,
  pages =	 {168-177}
}

@InProceedings{Kopetz05,
  author = 	 {H. Kopetz and A. Ademaj and P. Grillinger and K.
                  Steinhammer},
  title = 	 {The {T}ime-{T}riggered {E}thernet ({TTE}) design},
  crossref =     {isorc05},
  year = 	 {2005},
}

@Book{Kurose05,
  author =	 {J. F. Kurose and K. W. Ross},
  title =	 {Computer networking: a top-down approach featuring the {I}nternet},
  publisher =	 {Addison Wesley},
  year =	 2005,
  edition =	 {3rd},
}

@InProceedings{Kweon00,
  author =	 {S. Kweon and K. Shin and G.Workman},
  title =	 {Achieving real-time communication over {E}thernet with adaptive
                  traffic smoothing},
  booktitle =	 {Proc. of the 6th Real-Time Technology and Application Symp.},
  publisher =	 {IEEE Computer Society Press},
  year =	 2000,
  pages =	 {90-100}
}

@Article{Lamport74,
  author = 	 {L. Lamport},
  title = 	 {A new solution of Dijkstra's concurrent
                  programming problem},
  journal =      {Communications of the ACM},
  year = 	 {1974},
  volume = 	 {17},
  number = 	 {8},
  month = 	 {AUGUST},
  PAGES = 	 {453-455},
}

@Article{Lamport78,
  author =	 {L. Lamport and M. Pease and R. Shostak},
  title =	 {Time, clocks and the ordering of events in a distributed system},
  journal =	 {Communications of the ACM},
  year =	 1978,
  volume =	 21,
  number =	 7,
  month =	 {July},
  pages =	 {558-565},
}

@Article{Lamport80,
  author = 	 {M. Pease and R. Shostak and L. Lamport },
  title = 	 {Reaching agreement in the presence of faults},
  journal =      {Journal of the ACM},
  year = 	 {1980},
  volume = 	 {27},
  number = 	 {2},
  month = 	 {April},
  pages = 	 {228-234},
}

@Article{Lamport82,
  author =	 {L. Lamport and M. Pease and R. Shostak},
  title =	 {The {B}yzantine generals problem},
  journal =	 {ACM {T}ransactions on {P}rogramming {L}anguages and {S}ystems},
  year =	 1982,
  volume =	 4,
  number =	 3,
  month =	 {July},
  pages =	 {382-401},
}

@Article{Lamport84,
  author = 	 {L. Lamport},
  title = 	 {Using time instead of timeout for fault-tolerant
                  distributed systems},
  journal =      {ACM {T}ransactions on {P}rogramming {L}anguages
                  and {S}ystems},
  year = 	 {1984},
  volume = 	 {6},
  number = 	 {2},
  pages = 	 {254-280},
}

@Article{Lamport85,
  author =	 {L. Lamport and M. Melliar-Smith},
  title =	 {Synchronizing clocks in the presence of faults},
  journal =	 {Journal of ACM},
  year =	 1985,
  volume =	 32,
  number =	 1,
  pages =	 {52-78},
  month =	 {January},
}

@TechReport{Lamport91,
  author = 	 {L. Lamport},
  title = 	 {The temporal logic of actions},
  institution =  {Digital Equipment Corporation, Systems Research Center},
  year = 	 {1991},
  OPTkey = 	 {},
  type = 	 {Research Report},
  number = 	 {79},
  address = 	 { Palo Alto, Califiornia},
  month = 	 {December},
  OPTnote = 	 {},
  OPTannote = 	 {}
}

@article{Lamport94a,
 author =        {Leslie Lamport},
 title =         {The temporal logic of actions},
 journal =       {ACM Trans. Program. Lang. Syst.},
 volume =        {16},
 number =        {3},
 year =          {1994},
 issn =          {0164-0925},
 pages =         {872--923},
 optdoi =        {http://doi.acm.org/10.1145/177492.177726},
 publisher =     {ACM Press},
 address =       {New York, NY, USA},
 }

@InProceedings{Lamport94b,
  author =       {L. Lamport and S. Merz},
  title =        {Specifying and Verifying Fault-Tolerant Systems},
  booktitle =    {Formal Techniques in Real-Time and Fault-Tolerant Systems},
  editor =       {H. Langmaack, W.-P. de Roever, J. Vytopil editors},
  volume =       {863},
  series = 	 {LNCS},
  publisher =    {Springer-Verlag},
  year =         {1994},
  month =        {Sept.},
  pages =        {41-76}
}

@Article{Lamport98,
  author = 	 {L. Lamport and M. Melliar-Smith},
  title = 	 {The {P}art-{T}ime {P}arliament},
  journal = 	 {Journal of ACM},
  year = 	 {1998},
  volume = 	 {16},
  number = 	 {2},
  pages = 	 {133-169},
  month = 	 {May},
}

@Book{Lamport02a,
  author =	 {L. Lamport},
  title =	 {Specifying Systems: The {TLA+} language and tools for hardware and
                  software engineers},
  publisher =	 {Addison Wesley},
  year =	 2002,
  edition =	 {1st},
}

@InProceedings{Lamport02b,
  author =	 {L. Lamport and J. Matthews and M. Tuttle and Yuan Yu},
  title =	 {Specifying and Verifying Systems with {TLA+}},
  booktitle =	 {Proc. of the Tenth ACM SIGOPS European Workshop},
  year =	 2002,
  pages =	 {45-48}
}

@InProceedings{Lamport05,
  author = 	 {L. Lamport and M. Melliar-Smith},
  title = 	 {Real-Time model checking is really simple},
  booktitle = 	 {Correct Hardware Design and Verification Methods},
  year = 	 {2005},
  pages = 	 {162-175},
  editor = 	 {In Dominique Borrione and Wolfgang J. Paul},
  volume = 	 {3725},
  series = 	 {LNCS},
  publisher =    {Springer-Verlag},
}

@Article{Laqua02,
  author =	 {H. Laqua and H. Niedermeyer and I. Willmann},
  title =	 {Ethernet-based real-time control data bus},
  journal =	 {IEEE Transactions on Nuclear Science},
  year =	 2002,
  volume =	 49,
  number =	 2,
  month =	 {April},
  pages =	 {478-482},
}

@Article{Larsen97,
  author =	 {K. G. Larsen and P. Peterson and Wang Yi},
  title =	 {{UPPAAL} in a nutshell},
  journal =	 {Journal of Software Tools for Technology Transfer},
  year =	 1997,
  volume =	 1,
  number =	 {1-2},
  pages =	 {134-152},
}

@TechReport{LeLann93,
  author =	 {G. Lelann and N. Rivierre},
  title =	 {Real-time communication over broadcast networks: The {CSMA-DCR}
                  and the {DOD-CSMA-CD} protocols},
  institution =	 {INRIA},
  year =	 1993,
  number =	 {RR1863},
}

@Article{Lian01,
  author =	 {F.-L. Lian and J. R. Moyne and D. M. Tilbury},
  title =	 {Performance evaluation of control networks: Ethernet, ControlNet
                  and DeviceNet},
  journal =	 {IEEE Contr. Syst. Mag.},
  year =	 2001,
  volume =	 21,
  number =	 1,
  month =	 {Feb.},
  pages =	 {66-83}
}

@Article{Lian02,
  author =       {F.-L. Lian and J. R. Moyne and D. M. Tilbury},
  title =        {Network design considerations for distributed control
                  systems},
  journal =      {IEEE Trans. Control Syst. Technol.},
  year =         {2002},
  volume =       {10},
  number =       {2},
  month =        {Mar.},
  pages =        {297-307}
}

@TechReport{Lian99,
  author =	 {F.-L. Lian and J. R. Moyne and D. M. Tilbury},
  title =	 {Performance evaluation of control networks: {E}thernet,
                  {C}ontrolNet and {D}eviceNet},
  institution =	 {University of Michigan},
  howpublished = {http://www.eecs.umich.edu/~impact},
  year =	 1999,
  month =	 {Feb.},
  number =	 {UM-MEAN-99-02},
}

@Book{Liu00,
  author =       {J. W. S. Liu},
  title =        {{Real-Time Systems}},
  publisher =    {Prentice-Hall},
  year =         {2000}
}

@Article{Liu73,
  author =	 {C. L. Liu and J. W. Layland},
  title =	 {{S}cheduling algorithms for multiprogram in a hard real-time
                  environment''},
  journal =	 {Journal of ACM},
  year =	 1973,
  volume =	 20,
  number =	 1,
  pages =	 {40-61}
}

@InProceedings{LoBello01,
  author =	 "L. {LO BELLO} and O. Mirabella",
  title =	 {Design issues for {E}thernet in automation},
  booktitle =	 {Proc. 8th {IEEE} {I}nt. {C}onference on {E}merging {T}echnologies
                  and {F}actory {A}utomation},
  publisher =	 {EFTA 2001},
  address =	 {Antibes Juan-les-pins, France},
  year =	 2001,
  month =	 {Oct.},
  pages =	 {213-221}
}

@InProceedings{Martinez02,
  author =        {J.M. Martínez and M. González Harbour and J.J. Gutiérrez},
  title =             {A multipoint communication protocol based on {E}thernet
                          for analyzable distributed real-time applications},
  booktitle =     {Proceeding of the 1st {I}nternational {W}orkshop on
                         {R}eal-{T}ime {LAN}s in the {I}nternet {A}ge},
  publisher =     {RTLIA 2002},
  address =       {Vienna (Austria)},
  year =            {2002},
  month =         {June},
}

@InProceedings{Marchesotti06,
  author =        {M. Marchesotti and M. Migliardi and Roberto Podestà},
  title = 	       {A Measurement-Based Analysis of the Responsiveness of the {Linux} Kernel},
  booktitle =    {Proc. of the 13th Int. Symposium and Workshop on Engineering
                        of Computer Based Systems},
  volume =       {0},
  pages =        {397-408},
  publisher =    {{IEEE} Computer Society},
  year =           {2006},
  month =        {June},
  OPTaddress = {Los Alamitos, CA, USA},
}

@Misc{McKenney05,
  title =	 {A realtime preemption overview},
  author =	 {P. McKenney},
  howpublished = {http://lwn.net/Articles/146861/ - Last access dez. 07},
  year =	 2005,
}

@InProceedings{ McVoy96,
    author = {L. W. McVoy and C. Staelin},
    title = "lmbench: Portable Tools for Performance Analysis",
    booktitle = "{USENIX} Annual Technical Conference",
    pages = "279-294",
    year = "1996",
    OPTurl = "citeseer.ist.psu.edu/mcvoy96lmbench.html"
}



@Misc{Mattos07,
  author =       {L. C. De Mattos},
  title =        {Ultra Wideband (tutorial on-line)},
  journal =      {http://www.gta.ufrj.br/grad/04_2/uwb/index.html},
  note = 	 {Last access 02/07},
  year =         {2007},
}

@InProceedings{Mehani07,
  author =	 {O. Mehani and R. Benenson and S. Lemaignan and T.Ernst},
  title =	 {Networking Needs and Solutions for Road Vehicles at Imara},
  booktitle =	 {Proceeding of the 7th International Conference on {ITS}},
  publisher =	 {IEEE},
  year =	 2007,
  page =	 {1-6},
  month =	 {June},
}

@InProceedings{Meilander01,
  author =	 {W.C. Meilander and J.W. Baker and J. Potter},
  title =	 {Predictability for real-time command and control},
  booktitle =	 {Proceedings 15th International Parallel and Distributed Processing
                  Symposium},
  publisher =	 {IEEE},
  year =	 2001,
  page =	 {2069-2075},
}

@article{Mellor91,
 author = {J. M. Mellor-Crummey and M. L. Scott},
 title = {Algorithms for scalable synchronization on
          shared-memory multiprocessors},
 journal = {ACM Trans. Comput. Syst.},
 volume = {9},
 number = {1},
 year = {1991},
 OPTissn = {0734-2071},
 pages = {21--65},
 OPTdoi = {http://doi.acm.org/10.1145/103727.103729},
 publisher = {ACM},
 address = {New York, NY, USA},
 }

@TechReport{Merz04,
  author =	 {S. Merz},
  title =	 {{TLA+} case study: a resource allocator},
  institution =	 {LORIA, http://www.loria.fr/~merz/papers.html},
  year =	 2004,
  month =	 {August},
}

@TechReport{Molle94,
  author =	 {M.L. Molle},
  title =	 {A new binary logarithmic arbitration method for {E}thernet},
  institution =	 {Computer Systems Research Institute},
  year =	 1994,
  number =	 {CSRI-298},
  address =	 {University of Toronto, Canada},
  month =	 {July},
}

@Misc{Molnar05,
  author =  	 {I. Molnar},
  title =               {kernel/timer.c design},
  howpublished = {Internet, http://lkml.org/lkml/2005/10/19/46 - Last access 01/08},
  year =              {2005},
}

@InProceedings{Moraes06,
  author =	 {R. Moraes and F. Vasques and P. Portugal and J. A. Fonseca},
  title =	 {Real-Time Communication in 802.11 Networks: The Virtual Token
                  Passing VTP-CSMA Approach},
  booktitle =	 {Proc. of 31st {IEEE} Conference on Local Computer Networks},
  publisher =	 {IEEE},
  year =	 2006,
  page =	 {389-396},
  month =	 {Nov.},
}

@Book{Oliveira01,
  author =	 {R. S. de Oliveira and A. da S. Carissimi and S. S. Toscani},
  publisher =	 {SagraLuzzatto},
  title =	 {Sistemas Operacionais},
  year =	 2001,
  note =	 {ISBN 85-241-0643-3},
}

@InProceedings{Otanez02,
  author =	 {P. G. Otanez and J. T. Parrott and J. R. Moyne and D. M. Tilbury},
  title =	 {The Implications of Ethernet as a Control Network},
  booktitle =	 {Proc. of the Global Powertrain Congress},
  year =	 2002,
}

@InProceedings{Pedreiras02,
  author = 	 {P. Pedreiras and L. Almeida and P. Gai},
  title = 	 {The {FTT}-{E}thernet protocol:
                  {M}erging flexibility, timeliness and efficiency},
  crossref =     {euromicro02},
  pages = 	 {1631-1637},
  volume = 	 {2},
}

@TechReport{Piccioni01,
  author = 	 {C. A. Piccioni and C. Y. Tatibana and R. S. de Oliveira},
  title = 	 {Trabalhando com o Tempo Real em Aplicações Sobre o Linux},
  institution =  {DAS-CTC-UFSC},
  year = 	 {2001},
  month =        {Dezembro},
  address = 	 {Florianópolis -SC},
}

@InProceedings{Pnueli79,
  author =	 {Amir Pnueli},
  title =	      {The Temporal Semantics of Concurrent Programs},
  booktitle =	 {Proc. of the {I}nt. {S}ymp. on {S}emantics of {C}oncurrent
                  {C}omputation},
  year =	 1979,
  isbn =	 {3-540-09511-X},
  pages =	 {1-20},
  publisher =	 {Springer-Verlag},
  address =	 {London, UK},
}

@InProceedings{Pillai01,
  author =       {P. Pillai and K. G. Shin},
  title =        {Real-Time Dynamic Voltage Scaling for Low-Power
                  Embedded Operating Systems},
  booktitle =    {18th ACM Symposium on Operating Systems Principles},
  year =         {2001},
}

@InProceedings{Prabh07,
  author =      {K. S. Prabh T. F. Abdelzaher},
  title =          {On Scheduling and Real-Time Capacity of Hexagonal 
                       Wireless Sensor Networks},
  booktitle =  {19th Euromicro Conference on Real-Time Systems (ECRTS'07)},
  year =         {2007},
  pages =       {136--145},
}


@InProceedings{Pratt04,
  author =	 {S. L. Pratt and D. A. Heger},
  title =	         {Workload Dependent Performance Evaluation of the
                           Linux 2.6 I/O Schedulers},
  booktitle =	 {Proceedings of the Linux Symposium},
  pages =	         {425--448},
  year =	           2004,
}

@InProceedings{Pritty95,
  author =	 {D. Pritty and J. Malone ans J. Smeed and D. Banerjee and
                  N. Lawrie},
  title =	 {A realtime upgrade for {E}thernet based factory networking},
  crossref =	 {iecon95},
}

@InProceedings{Pritty95b,
  author =	 {D. W. Pritty and J. R. Malone and D. N. Smeed and N. L. Lawrie and
                  E. Harmon},
  title =	 {Performance assessment of a deterministic access protocol for high
                  performance bus topology {LAN}s},
  booktitle =	 {IEEE Symposium on Computers and Computation},
  year =	 1995,
  address =	 {Alexandria, Egypt},
  pages =	 {206-211},
}

@InProceedings{Proctor01,
  author =	 {F. M. Proctor},
  title =	 {Measuring performance in real-time {L}inux},
  booktitle =	 {In Real Time Linux Workshop},
  year =	 2001,
  address =	 {Milan, Italy},
}

@InProceedings{Qi04,
  author =	 {X. Qi and G. Parmer and R. West},
  title =	 {An efficient end-host architecture for cluster communication
                  services},
  booktitle =	 {Proceedings of the {IEEE} International Conference on Cluster
                  Computing (Cluster '04)},
  year =	 2004,
  month =	 {September},
}

@Article{Qiu05,
  author = 	 {R.C. Qiu and H. Liu and X. Shen},
  title = 	 {Ultra-Wideband for multiple access communications},
  journal = 	 {IEEE Communications Magazine},
  year = 	 {2005},
  OPTvolume = 	 {},
  OPTnumber = 	 {},
  pages = 	 {80-87},
  Optmonth =     {February}
}

@Book{Raynal86,
  author = 	 {M. Raynal},
  title = 	 {Algorithms for Mutual Exclusion},
  publisher = 	 {MIT Press},
  year = 	 {1986},
  address = 	 {Massachusetts, Cambridge},
}

@InProceedings{Regehr05,
  author =       {J. Regehr and U. Duongsaa},
  title =        {Preventing interrupt overload},
  booktitle =    {LCTES '05: Proceedings of the 2005 ACM SIGPLAN/SIGBED
                  conference on Languages, compilers, and tools for
                  embedded systems},
 year =          {2005},
 OPTisbn =       {1-59593-018-3},
 pages =         {50-58},
 OPTlocation =   {Chicago, Illinois, USA},
 OPTdoi =        {http://doi.acm.org/10.1145/1065910.1065918},
 publisher =     {ACM Press},
 address =       {New York, NY, USA},
 }

@InProceedings{Regnier06,
  author =	 {P. Regnier and G. Lima},
  title =	 {Deterministic integration of hard and soft real-time communication
                  over shared-Ethernet},
  booktitle =	 {Proc. of Workshop of Tempo Real},
  year =	 2006,
  month =	 {June},
  address =	 {Curitíba, BR},
}

@Unpublished{Regnier08a,
  author = 	 {P. Regnier and G. Lima and A. Andrade},
  title = 	 {{TLA+} Formal Specification and Verification of a Real-Time Ethernet protocol},
  note = 	 {Submitted to SBMF},
  OPTkey = 	 {},
  OPTmonth = 	 {},
  year = 	 {2008},
  OPTannote = 	 {}
}

@MastersThesis{Regnier08b,
  author = 	 {P. Regnier},
  title = 	         {Especificação formal, Verificação e Implementação de um protocolo de
                          comunicação determinista, baseado em Ethernet},
  school = 	 {Federal University of Bahia},
  year =       	 {2008},
  address =	 {Salvador, BR},
  annote = 	 {In Portuguese}
}

@MastersThesis{Regnier08c,
  author = 	 {P. Regnier},
  title = 	         {Especificação formal, Verificação e Implementação de um protocolo de
                          comunicação determinista, baseado em Ethernet},
  school = 	 {Universidade Federal da Bahia},
  year =       	 {2008},
}

@InProceedings{Regnier08-wso,
  author =	 {P. Regnier and G. Lima and L. Barreto},
  title =	         {Avaliação do determinismo temporal no tratamento de interrupções em
                           plataformas de tempo real Linux},
  booktitle =	 {Proc. of Workshop of Sistemas Operacionais},
  year =	           2008,
  month =	 {Julho},
  address =	 {Belém, PA},
}

@Booklet{Regnier06-easd,
  title = 	 {Integração determinística de comunicações de tempo real
                  crítica e não crítica baseada em Ethernet compartilhada},
  author = 	 {P. Regnier},
  address = 	 {LaSiD - DCC- UFBA - Bahia},
  year = 	 {2006},
  note = 	 {Monografia da Especialização Avançada em Sistemas
                  Distribuídos},
}


@InProceedings{Ridouard04,
  author =	 {F. Ridouard and P. Richard and F. Cottet},
  title =	 {Negative results for scheduling independent hard real-time tasks
                  with self-suspensions},
  volume =	 {rtss},
  pages =	 {47--56},
  crossref =	 {rtss04},
}

@InProceedings{Rostedt07,
  author =	 {S. Rostedt and D. V. Hart},
  title =	 {Internals of the RT Patch},
  booktitle =	 {Proceedings of the Linux Symposium},
  pages =	 {161--172},
  year =	 2007,
}

@Article{Royer99,
  author =	 {E. M. Royer and C.-K. Toh},
  title =	 {A Review of Current Routing Protocols for Ad-Hoc Mobile Wireless
                  Networks},
  journal =	 {IEEE Personal Communications},
  volume =	 6,
  number =	 2,
  pages =	 {46--55},
  year =	 1999,
}

@InProceedings{Salim01,
  author =	 {J. H. Salim and  R. Olsson and A. Kuznetsov},
  title =	 {Beyond Softnet},
  booktitle =	 {Proceedings of USENIX 5th Annual Linux Showcase},
  pages =	 {165-172},
  year =	 2001,
}

@Book{Santos00,
  author = 	 {M. Santos},
  title = 	 {Por uma outra globalização - do pensamento único à consciência universal},
  publisher = 	 {Record},
  year = 	 {2000},
  address = 	 {{São Paulo}},
}

@Article{Schlichting83,
  author = 	 {R. D. Schlichting and F. B. Schneider},
  title = 	 {Fail-{S}top processors: {A}n approach to designing
                  fault-tolerant computing systems},
  journal = 	 {ACM {T}ransactions on {C}omputing {S}ystems},
  year = 	 {1983},
  volume = 	 {1},
  number = 	 {3},
  pages = 	 {222-238},
}

@Article{Schneider90,
  author =	 {F. B. Schneider},
  title =	 {Implementing fault-tolerant services using the state machine
                  approach: A tutorial},
  journal =	 {ACM {C}omputing {S}urveys},
  year =	 1990,
  volume =	 22,
  number =	 4,
  pages =	 {222-238},
  month =	 {Dec.}
}

@Misc{Schneider00,
  author =	 {S. Schneider},
  title =	 {Making {E}thernet work in real time},
  journal =	 {http://www.sensorsmag.com/articles/1100/22/main.shtml},
  year =	 2000,
}


@Book{Schwartz79,
  author = 	 {M. Schwartz},
  title = 	 {Information Transmission, Modulation and Noise},
  publisher = 	 {Inc. Mc Graw-Hill},
  year = 	 {1979},
}

@Article{Sha90,
  author =       {L. Sha and R. Rajkumar and J. P. Lehoczky},
  title =        {{P}riority {I}nheritance {P}rotocols: {A}n approach
                  to real-time synchronisation},
  journal =      {IEEE Transaction on Computers},
  year =         {1990},
  volume =       {39},
  number =       {9},
  pages =        {1175-1185}
}

@InProceedings{Shen02,
  author =	 {G. Shen and X. Xu and X. He and X. Zhao and W. Zhang and X.  Li
                  and T. Geng},
  title =	 {{A} new persistent contention-based real-time ethernet {MAC}
                  protocol},
  booktitle =	 {Proceedings of the American Control Conference},
  publisher =	 {IEEE Computer Society Press},
  year =	 2002,
}

@InProceedings{Sinnott04,
  author =       {R. O. Sinnott},
  title =        {The formal, tool supported development of real time systems},
  booktitle =    {Proc. of the 2nd Int. Conf. on
                  Software Engineering and Formal Methods, 2004},
  publisher =    {IEEE Computer Society Press},
  year =         {2004},
  pages =        {388-395}
}

@InProceedings{Siro07,
  author =	 {A. Siro and C. Emde and N. McGuire},
  title =	 {Assessment of the Realtime Preemption Patches ({RT-Preempt}) and
                  their impact on the general purpose performance of the system},
  booktitle =	 {Proceedings of the 9th Real-Time Linux Workshop},
  year =	 2007,
}

@InProceedings{Sobrinho98,
  author =       {J.L. Sobrinho and A. S. Krishnakumar},
  title =        {{EQuB} - {E}thernet {Q}uality of service using black
                  {B}ursts},
  booktitle =    {Proceedings of 23rd Annual {IEEE} International Conference
                  on Local Computer Networks (LCN'98)},
  publisher =    {IEEE Computer Society Press},
  pages =        {286},
  year =         1998,
}

@InProceedings{Srinivasan98,
  author =	 {B. Srinivasan and S. Pather and R. Hill and F. Ansari ans
                  D. Niehaus},
  title =	 {A Firm Real-Time System Implementation Using Commercial
                  Off-The-Shelf Hardware and Free Software},
  booktitle =	 {Proc. of the Real-Time Technology and Applications Symposium},
  month =	 {June},
  year =	 1998,
}

@InProceedings{Stodolsky93,
  author =	 {D. Stodolsky and J. Chen and B. Bershad},
  title =	 {Fast Interrupt Priority Management in Operating Systems},
  booktitle =	 {Proc. of the USENIX Symposium on Microkernels and Other Kernel
                  Architectures},
  month =	 {Sept.},
  pages =	 {105-110},
  year =	 1993,
}

@Book{Tanenbaum01,
  author =	 {A. Tanenbaum},
  publisher =	 {Prentice-Hall},
  title =	 {Modern Operating Systems},
  year =	 2001,
  note =	 {ISBN 85-241-0643-3},
}

@Article{Tindell94,
  author =	 {K. Tindell and A. Burns and A. J. Wellings},
  title =	 {An extendible approach for analysing fixed priority hard real-time
                  tasks''},
  journal =	 {Real-Time Systems},
  year =	 1994,
  volume =	 4,
  number =	 2,
  pages =	 {145-165}
}

@InProceedings{Tripakis96,
  author = 	 {S. Tripakis and C. Courcoubetis},
  title = 	 {Extending Promela and Spin for Real Time},
  booktitle =    {Proc. of Tools and Algorithms for Construction and
                  Analysis of Systems},
  year = 	 {1996},
  pages =        {329-348},
  volume =       {1055},
  series = 	 {LNCS},
  publisher =    {Springer Verlag}
}

@InProceedings{Venkatrami94,
  author = 	 {C. Venkatrami and T. Chiueh},
  title = 	 {Supporting real-time traffic on {E}thernet},
  pages = 	 {282-286},
  crossref =     {rtss94},
}

@Article{Verissimo97,
  author =	 {P. Veríssimo and L. Rodrigues and A. Casimiro},
  title =	        {{CesiumSpray}: a Precise and Accurate Global Time Service for
Large-scale Systems},
  journal =	 {Real-Time Systems Journal},
  year =	 1997,
}

@Article{Verissimo02,
  author =	 {P. Veríssimo and A. Casimiro},
  title =	 {The timely computing base model and architecture},
  journal =	 {IEEE Transactions on Computers - Special Issue on Asynchronous
                  Real-Time Distributed Systems},
  year =	 2002,
}

@InProceedings{Wang99,
  author =	 {J. Wang and S. Keshav},
  title =	 {Efficient and accurate {E}thernet simulation},
  pages =	 {182-191},
  crossref =	 {clcn99},
}

@InProceedings{Wang02,
  author =	 {Z. Wang and Y. Song and J. Chen and Y. Sun},
  title =	 {Real-time characteristics of {E}thernet and its improvement},
  booktitle =	 {Proceeding of the 4th {W}orld {C}ongress on {I}ntelligent
                  {C}ontrol and {A}utomation},
  publisher =	 {IEEE Computer Society Press},
  address =	 {Shanghai (P.R. China)},
  year =	 2002,
  month =	 {June},
}

@Article{Win00,
  author = 	 {M. Z. Win and R. A. Scholtz},
  title = 	 {Ultra-wide bandwidth time-hopping spread-spectrum
                  impulse radio for wireless multiple-access communications},
  journal = 	 {IEEE Trans. Actions on Communications},
  year = 	 {2000},
  volume = 	 {},
  number = 	 {},
  pages = 	 {},
  Optmonth =     {Dec.}
}

@Misc{Yaghmour02,
  author = 	 {K. Yaghmour},
  title = 	       {Adaptative Domain Environment for Operating Systems},
  year =         {2002},
  howpublished = {http://www.opersys.com/ftp/pub/Adeos/adeos.pdf},
  note = {Last access 03/08}
}


@InProceedings{Yaghmour01,
  author = 	 {K. Yaghmour},
  title = 	 {The Real-Time Application Interface},
  booktitle =    {Proceedings of the Linux Symposium},
  year =         {2001},
  month =        {July},
}

@Misc{Benoit05,
  author = 	 {K. Benoit and K. Yaghmour},
  title = 	 {{Preempt-RT} and {I}-pipe: the numbers},
  howpublished = {http://marc.info/?l=linux-kernel\&m=112086443319815\&w=2},
  year = 	 {2005},
  note = 	 {Last access 03/08},
}

@InProceedings{Yu99,
  author =	 {Y. Yu and P. Manolios and L. Lamport},
  title =	 {Model checking TLA+ specifications},
  booktitle =	 {Correct Hardware Design and Verification Methods},
  pages =	 {54-66},
  year =	 1999,
  editor =	 {In L. Pierre and T. Kropf},
  volume =	 1703,
  series =	 {Lecture Notes in Computer Science},
  address =	 {Berlin, Heidelberg, New York},
  month =	 {Sept.},
  organization = {10th IFIP wg 10.5 Advanced Research Working Conf., CHARME '99},
  publisher =	 {Springer-Verlag},
}

@Misc{CAN93,
  author =	 {ISO},
  title =	 {{R}oad vehicles-exchange of digital information-{C}ontroller
                  {A}rea {N}etwork (CAN) for high-speed communication},
  howpublished = {ISO Std. 11 898},
  year =	 1993,
}

@Misc{CSMA/CD01,
  author = 	 {IEEE},
  title = 	 {Information {T}echnology - {T}elecommunications and
                  {I}nformation exchange between systems - {L}ocal and
                  {M}etropolitan {A}rea {N}etworks specific requirements - 
                  Part 3: {C}arrier {S}ense {M}ultiple {A}ccess with
                  {C}ollision {D}etection ({CSMA/CD}) access
                  and method {P}hysical {L}ayer {S}pecifications},
  howpublished = {ISO/IEC 8802-3},
  year = 	 {2001},
}

@Misc{3C90xB,
  author = 	 {3COM},
  title = 	 {{3C90x and 3C90xB NICs Technical Reference}},
  howpublished = {Part Number 89-0766-000},
  year = 	 {1998},
}

@Misc{80211,
  author =	 {IEEE},
  title =	 {IEEE Standard for Information Technology - Wireless LAN Medium
                  Access Control (MAC) and Physical Layer (PHY) Specifications},
  howpublished = {ANSI/IEEE Std 802.11},
  year =	 1999,
}

@Misc{80211e,
  author = 	 {IEEE},
  title = 	 {IEEE Standard for Information Technology -
                  Wireless LAN Medium Access Control (MAC) and
                  Physical Layer (PHY) Specifications Amendment 8:
                  Medium Access Control (MAC) Quality of Service Enhancements},
  howpublished = {ANSI/IEEE Std 802.11e-2005},
  year = 	 {2005},
}

@Misc{ControlNet97,
  author =	 {{ControlNet}},
  title =	 {ControlNet specifications - edition 1.03},
  howpublished = {ControlNet {I}nternational},
  year =	 1997,
}
%, Boca Raton, Florida}},

@Misc{DoRiS07,
  author  =      {P. Regnier and G. Lima and A. Andrade},
  title =        {{The DoRiS specification in TLA+}},
  howpublished = {Internet 
                  http://www.lasid.ufba.br/public/reltec/DoRiS.zip},
  year =         {2007},
}

@Misc{DS80C410,
  author =	 {{MAXIM/DALLAS Semicondutor}},
  title =	 {{DS80C410} and {DS80C411} Datasheet},
  howpublished = {http://www.maxim-ic.com/quick\_view2.cfm/qv\_pk/4535 - Last access: Jan 08},
  year =	 2008,
}

@Misc{Kernel,
  title = 	 {{Kernel}},
  author =  {{L. Torvalds et al.}},
  howpublished = {{http://www.kernel.org - Last access jan. 08}},
  year = 	 {2008},
}

@Misc{iso9074,
  AUTHOR=      {ISO},
  TYPE=        {IS},
  NUMBER=      {9074},
  TITLE=       {Information processing systems --- {Open} systems
                 interconnection --- {Estelle} --- A formal description
                 technique based on an extended state transition model},
  ORGANIZATION= {International Organization for Standardization},
  ADDRESS=      {Geneva},
  YEAR={1989}
}

@Misc{matLab,
  title =	 {http://www.mathworks.com},
  howpublished = {Internet},
  year =	 2005,
}

@Misc{MC9S12NE64,
  author =	 {{FREESCALE}},
  title =	 {MC9S12NE64 Datasheet},
  howpublished = {http://www.freescale.com - Last access: Jan 08},
  year =	 2008,
}

@Misc{PCSP02,
  author = 	 {IEEE},
  title = 	 {Standard for a Precision Clock Synchronization Protocol
                  for Networked Measurement and Control Systems},
  howpublished = {IEC 61588(E)-2004 / {IEEE} 1588(E)-2002},
  year = 	 {2002},
}

@Misc{POSIX04,
  author = 	 {IEEE},
  title = 	 {IEEE Standart 1003.1 (POSIX),  2004 Edition},
  year = 	 {2004},
}

@Misc{Powerlink,
  author = 	 {{PowerLink}},
  title = 	 {Ethernet Powerlink Standardization Group},
  howpublished = {www.ethernet-powerlink.org},
  year = 	 {2006},
}

@Misc{PreemptRT,
  title = 	 {{PreemptRT}},
  author = 	 {{I. Molnar et al.}},
  howpublished = {{http://rt.wiki.kernel.org - Last access jan. 08}},
  year = 	 {2008},
}

@Misc{Profibus96,
  author =	 {{PROFIBUS}},
  title =	 {{G}eneral purpose field communication system, vol. 2/3 (Profibus)},
  howpublished = {CENELEC, Std. EN 50170},
  year =	 1996,
}

@Misc{rtLinux,
  title = 	 {{RT-Linux}},
  author =   {{V. Yodaiken et al.}},
  howpublished = {{http://www.rtlinuxfree.com - Last access jan. 08}},
  year = 	 {2008},
}

@Misc{RTAI,
  title = 	 {{RTAI}},
  author =	 {{P. Mantegazza et al.}},
  howpublished = {{http://www.rtai.org - Last access jan. 08}},
  year = 	 {2008},
}

@Misc{RTnet,
  title = 	 {{RTnet}},
  author =	 {{J. Mantegazza et al.}},
  howpublished = {{http://www.rtnet.org - Last access jan. 08}},
  year = 	 {2008},
}

@Misc{TLA,
  title =	 {{TLA+}},
  howpublished = {http://www.lamport.org/ - Last access jan. 08},
  year =	 2008,
}

@Misc{uppaal,
  title =	 {http://www.uppaal.com},
  howpublished = {Internet},
  year =	 2005,
}

@Misc{Xenomai,
  title = 	 {{Xenomai}},
  author =  {{P. Gerum et al.}},
  howpublished = {{http://www.xenomai.org - Last access jan. 08}},
  year = 	 {2008},
}

@Proceedings{euromicro02,
  booktitle =	 {EUROMICRO Conf. Real-Time Systems},
  year =	 2002,
}

@Proceedings{fet03,
  booktitle =	 {Proc. FeT2003 5th IFAC Int. Conf. on Fieldbus Systems and their
                  Applications},
  year =	 2003,
  address =	 {Aveiro, Portugal},
}

@Proceedings{iecon95,
  booktitle =	 {Int. Conf. Industrial Electronics (IECON)},
  year =	 1995,
}

@Proceedings{rtss94,
  booktitle =	 {15th {IEEE} {I}nternational {R}eal-{T}ime {S}ystems {S}ymposium
                  (RTSS'94)},
  year =	 1994,
}

@Proceedings{rtss04,
  booktitle =	 {25th {IEEE} {I}nternational {R}eal-{T}ime {S}ystems {S}ymposium
                  (RTSS'04)},
  year =	 2004,
}

@Proceedings{wfcs04,
  booktitle =	 {Proc. {IEEE} Int. Workshop Factory Communication Systems},
  year =	 2004,
}

@Proceedings{clcn99,
  booktitle =	 {Proc. Conf. Local Computer Networks},
  year =	 1999,
}

@Proceedings{isorc05,
  booktitle =	 {Eighth {IEEE} {I}nt. {S}ymposium on {O}bject-{O}riented
                  {R}eal-{T}ime {D}istributed {C}omputing (ISORC'05)},
  year =	 2005,
}
