@Article{Audsley93,
  author =   {N. C. Audsley and A. Burns and M. Richardson and K. Tindell
                  and A. J. Wellings},
  title =    {{A}pplying {N}ew {S}cheduling {T}heory
                   to {S}tatic {P}riority
                  {P}re-{E}mptive {S}cheduling},
  journal =      {Software Engineering Journal},
  year =     {1993},
  volume =   {8},
  number =   {5},
  pages =    {284-292}
}

@Article{Avizienis04,
  author = 	 {A. Avi{\v z}ienis and J.-C. Laprie and B. Randell
                  and C. Landwehr},
  title = 	 {Basic concepts and taxonomy of dependable and secure
                  computing},
  journal = 	 {IEEE {T}ransactions on {D}ependable and {S}ecure
                  {C}omputing},
  year = 	 {2004},
  volume = 	 {1},
  number = 	 {1},
  pages = 	 {11-33},
}

@InProceedings{Carpenzano02,
  author =       {A. Carpenzano and R. Caponetto and L. Lo Bello and
                  O. Mirabella},
  title =        {Fuzzy traffic smoothing: An approach for real-time
                  communication over {E}thernet networks},
  booktitle =    {Proc. of the  4th IEEE Int. Workshop Factory Communication
                  Systems},
  year =         {2002},
  pages =        {241-248}
}

@InProceedings{Carreiro03,
  author = 	 {F. B. Carreiro and J. A. Fonseca and P. Pedreiras},
  title = 	 {{V}irtual {T}oken-{P}assing {E}thernet - {VTPE}},
  crossref =     {fet03},
}

@Article{Chandra96,
  author =       {T. D. Chandra and S. Toueg},
  title =        {{U}nreliable {F}ailure {D}etectors
                  for {R}eliable {D}istributed {S}ystems},
  journal =      {Journal of ACM},
  year =         {1996},
  volume =       {43},
  number =       {2},
  pages =        {225-267},
  note =         {A preliminary version appeared in},
  annote =       {Proc. 10th ACM Symp. Principles of Distributed Computing
                  pp.325-340, 1991},
}

@InProceedings{Chen04,
  author = 	 {Ya-Shu Chen and Li-Pin Changand and Tei-Wei Kuo},
  title = 	 {A {C}onfigurable {S}ynchronization {P}rotocol for
                  {R}eal-{T}ime {S}elf-{S}upending {P}rocesses},
  booktitle =    {Proc. of 10th {I}nternational {C}onference on {R}eal-{T}ime
                  {C}omputing {S}ystems and {A}pplications (RTCSA 2004)},
  year = 	 {2004},
  address = 	 {Gothenburg, Sweden},
}

@InProceedings{Cristian88,
  author = 	 {F. Cristian},
  title = 	 {Agreeing on {W}ho is {P}resent and {W}ho is {A}bsent in
                  a {S}ynchronous {D}istributed {S}ystem},
  booktitle =    {Proc. of 18th {I}nternational {C}onference on  
                 {F}ault-{T}olerant {C}omputing},
  publisher =    {IEEE Computer Society Press},
  year = 	 {1988},
  address = 	 {Tokyio, Japan},
}

@Article{Cristian89,
  author = 	 {F. Cristian},
  title = 	 {Probabilistic clock synchronization},
  journal = 	 {Distributed Computing},
  year = 	 {1989},
  volume =       {3},
  pages =   	 {146-158},
}

@Article{Cristian91,
  author = 	 {F. Cristian},
  title = 	 {Reaching agreement on processor group membership in 
                  {S}ynchronous {D}istributed {S}ystems},
  journal = 	 {Distributed Computing},
  year = 	 {1991},
  volume =       {4},
  pages =   	 {175-187},
  month =   	 {Jun.},
}


@TechReport{Cristian95a,
  author = 	 {F. Cristian and F. Schmuck},
  title = 	 {Agreeing on processor-group {M}embership in {T}imed 
                  {A}synchronous {D}istributed {S}ystems},
  institution =  {UCSD},
  year = 	 {1995},
  number = 	 {CSE95-428},
}

@Article{Cristian95b,
  author = 	 {F. Cristian and H. Aghiliand R. Strong and D. Dolev},
  title = 	 {Atomic broadcast: From simple message diffusion to
                  {B}yzantine agreement},
  journal = 	 {{I}nformation and {C}omputation},
  year = 	 {1995},
  volume =       {118},
  pages =   	 {158-179},
  month =   	 {April},
  note =         {Early version: FTCS15, June 1985}
}

@Article{Cristian96,
  author = 	 {F. Cristian},
  title = 	 {Synchronous and asynchronous group communication},
  journal = 	 {Communications of the ACM},
  year = 	 {1996},
  number =       {4},
  volume =       {39},
  pages =   	 {88-97},
}

@Article{Decotignie05,
  author = 	 {J.-D. Decotignie},
  title = 	 {Ethernet-based {R}eal-{T}ime and industrial communications},
  journal = 	 {Proc. IEEE (Special issue on industrial communication
                  systems)},
  year = 	 {2005},
  volume =       {93},
  number =  	 {6},
  pages =   	 {1102-1117},
  month =   	 {Jun.},
}

@Book{David03,
  author = 	 {R. David and K. Nour and C. Rafffali},
  title = 	 {Introduction à la {L}ogique - {T}héorie de la démonstration},
  publisher = 	 {Dunod - {S}ciences {S}up},
  year = 	 {2003},
  edition = 	 {2nd},
}

@InProceedings{Dolejs04,
  author = 	 {O. Dolejs and P. Smolik and Z. Hanzalek},
  title = 	 {On the {E}thernet use for {R}eal-{T}ime {P}ublish-{s}ubscribe
                  based applications},
  pages =   	 {39-44},
  crossref =     {wfcs04},
}

@Article{Dolev87,
  author = 	 {D. Dolev and C. Dwork and L. Stockmeyer},
  title = 	 {On the {M}inimal {S}ynchronism needed for {D}istributed
                  {C}onsensus},
  journal = 	 {Journal of the ACM},
  year = 	 {1987},
  volume = 	 {34},
  number = 	 {1},
  pages = 	 {77-97},
  month = 	 {January},
}

@InProceedings{Guo05,
  author =       {Hai-Bo Guo and Geng-Sheng Kuo},
  title =        {{CSMA} with {P}riority {R}eservation by {I}nterruptions
                  for {E}fficiency {I}mprovement and {QoS} {S}upport},
  booktitle =    {IEEE Consumer Communications and Networking Conference},
  month =        {January},
  year =         {2005},
}

@Article{Hermant02,
  author = 	 {J.-F. Hermant and G. Le Lann},
  title = 	 {Fast {A}synchronous {U}niform {C}onsensus in {R}eal-{T}ime
                  {D}istributed {S}ystems},
  journal = 	 {IEEE Transactions on Computers},
  year = 	 {2002},
  volume = 	 {51},
  number = 	 {8},
  pages = 	 {931-944},
  month = 	 {August},
}

@TechReport{Hanssen03,
  author = 	 {F. T. Y. Hanssen and P. G. Jansen},
  title = 	 {Real-{T}ime communication protocols: an overview},
  institution =  {University of {T}wente},
  year = 	 {2003},
  number =  	 {TR-CTIT-03-49},
  address = 	 {The {N}etherlands},
}

@InProceedings{Hanssen05,
  author =       {F. T. Y. Hanssen and P. G. Jansen and J. Scholten and
                  S. J. Mullender},
  title =        {{RT}net: a distributed real-time protocol for
                  broadcast-capable networks},
  booktitle =    {{J}oint {I}nt. {C}onf. %on {A}utonomic and {A}utonomous
                  %{S}ystems and {I}nt. {C}onf. on {N}etworking and {S}ervices
                  (ICAS/ICNS)},
  publisher =    {IEEE Computer Society Press},
  editor = 	 {pp electronic ed.},
  address = 	 {Los Alamitos, California},
  month = 	 {Oct.},
  year =         {2005},
  pages =        {168-177}
}
%,held in Papeete, French Polynesia},

@Book{Kopetz97,
  author = 	 {H. Kopetz},
  editor = 	 {},
  title = 	 {Real-{T}ime {S}ystems. Design principles for distributed
                  embedded applications},
  publisher = 	 {Kluwer Academic Publishers},
  year = 	 {1997},
}

@InProceedings{Kopetz98,
  author =       {H. Kopetz},
  title =        {{T}he {T}ime-{T}riggered {M}odel of {C}omputation},
  booktitle =    {Proc. of the 19th Real-Time Systems Symposium (RTSS)},
  publisher =    {IEEE Computer Society Press},
  year =         {1998},
  pages =        {168-177}
}

@InProceedings{Kopetz05,
  author = 	 {H. Kopetz and A. Ademaj and P. Grillinger and K.
                  Steinhammer},
  title = 	 {The {T}ime-{T}riggered {E}thernet({TTE}) Design},
  crossref =     {isorc05},
  year = 	 {2005},
}

@Book{Kurose05,
  author = 	 {J. F. Kurose and K. W. Ross},
  editor = 	 {},
  title = 	 {Computer networking: a top-down approach featuring the
                  {I}nternet},
  publisher = 	 {Addison Wesley},
  year = 	 {2005},
  edition = 	 {3rd},
}

@InProceedings{Kweon00,
  author =       {S. Kweon and K. Shin and G.Workman},
  title =        {Achieving real-time communication over {E}thernet
                  with adaptive traffic smoothing},
  booktitle =    {Proc. of the  6th Real-Time Technology and Application
                  Symp.},
  publisher =    {IEEE Computer Society Press},
  year =         {2000},
  pages =        {90-100}
}

@Article{Lamport78,
  author = 	 {L. Lamport and M. Pease and R. Shostak},
  title = 	 {Time, {C}locks and the {O}rdering of {E}vents in a
                  {D}istributed {S}ystem},
  journal =      {Communications of the ACM},
  year = 	 {1978},
  volume = 	 {21},
  number = 	 {7},
  month = 	 {July},
  pages = 	 {558-565},
}

@Article{Lamport80,
  author = 	 {M. Pease and R. Shostak and L. Lamport },
  title = 	 {Reaching agreement in the presence of faults},
  journal =      {Journal of the ACM},
  year = 	 {1980},
  volume = 	 {27},
  number = 	 {2},
  month = 	 {April},
  pages = 	 {228-234},
}


@Article{Lamport82,
  author = 	 {L. Lamport and M. Pease and R. Shostak},
  title = 	 {The {B}yzantine {G}enerals {P}roblem},
  journal =      {ACM {T}ransactions on {P}rogramming {L}anguages
                  and {S}ystems},
  year = 	 {1982},
  volume = 	 {4},
  number = 	 {3},
  month = 	 {July},
  pages = 	 {382-401},
}

@Article{Lamport84,
  author = 	 {L. Lamport},
  title = 	 {Using time instead of {T}imeout for fault-tolerant
                  {D}istributed {S}ystems},
  journal =      {ACM {T}ransactions on {P}rogramming {L}anguages
                  and {S}ystems},
  year = 	 {1984},
  volume = 	 {6},
  number = 	 {2},
  pages = 	 {254-280},
}

@Article{Lamport85,
  author = 	 {L. Lamport and M. Melliar-Smith},
  title = 	 {Synchronizing {C}locks in the {P}resence of {F}aults},
  journal = 	 {Journal of ACM},
  year = 	 {1985},
  volume = 	 {32},
  number = 	 {1},
  pages = 	 {52-78},
  month = 	 {January},
}

@Article{Lamport98,
  author = 	 {L. Lamport and M. Melliar-Smith},
  title = 	 {The {P}art-{T}ime {P}arliament},
  journal = 	 {Journal of ACM},
  year = 	 {1998},
  volume = 	 {16},
  number = 	 {2},
  pages = 	 {133-169},
  month = 	 {May},
}

@Book{Lamport02,
  author = 	 {L. Lamport},
  editor = 	 {},
  title = 	 {Specifying Systems: The TLA+ Language and Tools for Hardware
                  and Software Engineers},
  publisher = 	 {Addison Wesley},
  year = 	 {2002},
  edition = 	 {1st},
}

@Article{Laqua02,
  author = 	 {H. Laqua and H. Niedermeyer and I. Willmann},
  title = 	 {Ethernet-{B}ased {R}eal-{T}ime {C}ontrol {D}ata {B}us},
  journal =      {IEEE Transactions on Nuclear Science},
  year = 	 {2002},
  volume = 	 {49},
  number = 	 {2},
  month = 	 {April},
  pages = 	 {478-482},
}

@TechReport{LeLann93,
  author = 	 {G. Lelann and N. Rivierre},
  title = 	 {Real-{T}ime {C}ommunication over {B}roadcast {N}etworks: The
                  {CSMA-DCR} and the {DOD-CSMA-CD} protocols},
  institution =  {INRIA},
  year = 	 {1993},
  number = 	 {RR1863},
}

@Book{Liu00,
  author =       {J. W. S. Liu},
  title =        {{Real-Time Systems}},
  publisher =    {Prentice-Hall},
  year =         {2000}
}

@Article{Liu73,
  author =       {C. L. Liu and J. W. Layland},
  title =        {{S}cheduling {A}lgorithms for {M}ultiprogram in a
                  {H}ard {R}eal-{T}ime {E}nvironment},
  journal =      {Journal of ACM},
  year =         {1973},
  volume =       {20},
  number =       {1},
  pages =        {40-61}
}

@InProceedings{Martinez02,
  author = 	 {J.M. Martínez and M. González Harbour and J.J. Gutiérrez},
  title = 	 {A {M}ultipoint {C}ommunication {P}rotocol based on {E}thernet
                  for {A}nalyzable {D}istributed {R}eal-{T}ime {A}pplications},
  booktitle =    {Proceeding of the 1st {I}nternational {W}orkshop on
                  {R}eal-{T}ime {LAN}s in the {I}nternet {A}ge},
  publisher =    {RTLIA 2002},
  address =      {Vienna (Austria)},
  year =         {2002},
  month =        {June},
}

@InProceedings{Pedreiras02,
  author = 	 {P. Pedreiras and L. Almeida and P. Gai},
  title = 	 {The {FTT}-{E}thernet protocol:
                  {M}erging flexibility, timeliness and efficiency},
  crossref =     {euromicro02},
}
%  pages = 	 {1631-1637},
%  volume = 	 {2},

@InProceedings{Pnueli79,
  author =       {Amir Pnueli},
  title =        {The Temporal Semantics of Concurrent Programs},
  booktitle =    {Proceedings of the {I}nternational {S}ymposium on {S}emantics
                  of {C}oncurrent {C}omputation},
  year =         {1979},
  isbn =         {3-540-09511-X},
  pages =        {1-20},
  publisher =    {Springer-Verlag},
  address =      {London, UK},
}

@InProceedings{Pritty95,
  author = 	 {D. Pritty and J. Malone ans J. Smeed and D. Banerjee
                  and N. Lawrie},
  title = 	 {A realtime
                  upgrade for {E}thernet based factory networking},
  crossref =     {iecon95},
}

@InProceedings{Ridouard04,
  author = 	 {F. Ridouard and P. Richard and F. Cottet},
  title = 	 {Negative {R}esults for {S}cheduling {I}ndependent {H}ard
                  {R}eal-{T}ime {T}asks with {S}elf-{S}uspensions},
  volume = 	 {rtss},
  pages = 	 {47-56},
  crossref =     {rtss04},
}

@Article{Schlichting83,
  author = 	 {R. D. Schlichting and F. B. Schneider},
  title = 	 {Fail-{S}top processors: {A}n approach to designing
                  fault-tolerant computing systems},
  journal = 	 {ACM {T}ransactions on {C}omputing {S}ystems},
  year = 	 {1983},
  volume = 	 {1},
  number = 	 {3},
  pages = 	 {222-238},
}

@Misc{Schneider00,
  author =       {S. Schneider},
  title =        {Making {E}thernet {W}ork in {R}eal {T}ime},
  journal =      {http://www.sensorsmag.com/articles/1100/22/main.shtml},
  year =         {2000},
}

@Article{Sha90,
  author =       {L. Sha and R. Rajkumar and J. P. Lehoczky},
  title =        {{P}riority {I}nheritance {P}rotocols: {A}n {A}pproach
                  to {R}eal-Time {S}ynchronisation},
  journal =      {IEEE Transaction on Computers},
  year =         {1990},
  volume =       {39},
  number =       {9},
  pages =        {1175-1185}
}

@InProceedings{Shen02,
  author =       {G. Shen and X. Xu and X. He and X. Zhao and W. Zhang and X.
                   Li and T. Geng },
  title =        {{A} new persistent contention-based real-time ethernet {MAC}
                  protocol},
  booktitle =    {Proceedings of the American Control Conference},
  publisher =    {IEEE Computer Society Press},
  year =         {2002},
}

@Article{Tindell94,
  author =       {K. Tindell and A. Burns and A. J. Wellings},
  title =        {``{A}n {E}xtendible {A}pproach for {A}nalysing
                  {F}ixed {P}riority {H}ard {R}eal-{T}ime {T}asks''},
  journal =      {Real-Time Systems},
  year =         {1994},
  volume =       {4},
  number =       {2},
  pages =        {145-165}
}

@InProceedings{Venkatrami94,
  author = 	 {C. Venkatrami and T. Chiueh},
  title = 	 {Supporting {R}eal {T}ime {T}raffic on {E}thernet},
  pages = 	 {282-286},
  crossref =     {rtss94},
}

@InProceedings{Wang99,
  author = 	 {J. Wang and S. Keshav},
  title = 	 {Efficient and accurate {E}thernet simulation},
  pages = 	 {182-191},
  crossref =     {clcn99},
}

@InProceedings{Wang02,
  author = 	 {Z. Wang and Y. Song and J. Chen and Y. Sun},
  title = 	 {Real {T}ime {C}haracteristics of {E}thernet and its 
                  {I}mprovement},
  booktitle =    {Proceeding of the 4th {W}orld {C}ongress on {I}ntelligent
                  {C}ontrol and {A}utomation},
  publisher =    {IEEE Computer Society Press},
  address =      {Shanghai (P.R. China)},
  year =         {2002},
  month =        {June},
}

@Misc{CSMA/CD01,
  author = 	 {IEEE},
  title = 	 {Information {T}echnology - {T}elecommunications and
                  {I}nformation exchange between systems - {L}ocal and
                  {M}etropolitan {A}rea {N}etworks specific requirements - 
                  Part 3: {CSMA/CD}%{C}arrier {S}ense {M}ultiple {A}ccess with
                  %{C}ollision {D}etection ({CSMA/CD}) access
                  %and method {P}hysical {L}ayer {S}pecifications
                  },
  howpublished = {ISO/IEC 8802-3},
  year = 	 {2001},
}

@Misc{ControlNet97,
  author = 	 {{ControlNet}},
  title = 	 {ControlNet {S}pecifications - edition 1.03},
  howpublished = {ControlNet {I}nternational},
  year = 	 {1997},
}
%, Boca Raton, Florida}},

@Misc{PCSP02,
  author = 	 {IEEE},
  title = 	 {Standard for a Precision Clock Synchronization Protocol
                  for Networked Measurement and Control Systems},
  howpublished = {IEC 61588(E)-2004 / IEEE 1588(E)-2002},
  year = 	 {2002},
}

@Misc{microControl,
  title =        {http://microcontroller.com},
  howpublished = {Internet},
  year =         {2005},
}

@Misc{matLab,
  title =        {http://www.mathworks.com},
  howpublished = {Internet},
  year =         {2005},
}

@Misc{rtLinux,
  title = 	 {http://www.rtlinuxfree.com},
  howpublished = {Internet},
  year = 	 {2005},
}

@Misc{uppaal,
  title =        {http://www.uppaal.com},
  howpublished = {Internet},
  year =         {2005},
}

@Proceedings{euromicro02,
  booktitle = 	 {EUROMICRO Conf. Real-Time Syst.},
  year = 	 {2002},
}

@Proceedings{fet03,
  booktitle =    {Proc. FeT2003 5th IFAC Int. Conf. on Fieldbus
                  Systems},
  year = 	 {2003},
  address = 	 {Aveiro, Portugal},
}
% and their Applications},

@Proceedings{iecon95,
  booktitle = 	 {Int. Conf. Industrial Electronics (IECON)},
  year = 	 {1995},
}

@Proceedings{rtss94,
  booktitle = 	 {15th IEEE {I}nternational {R}eal-{T}ime {S}ystems {S}ymposium
                  (RTSS'94)},
  year = 	 {1994},
}

@Proceedings{rtss04,
  booktitle = 	 {25th IEEE {I}nternational {R}eal-{T}ime {S}ystems {S}ymposium
                  (RTSS'04)},
  year = 	 {2004},
}

@Proceedings{wfcs04,
  booktitle =    {Proc. IEEE Int. Work. Factory Communication Syst.},
  year = 	 {2004},
}

@Proceedings{clcn99,
  booktitle = 	 {Proc. Conf. Local Computer Networks},
  year = 	 {1999},
}

@Proceedings{isorc05,
  booktitle = 	 {Eighth {IEEE} {I}nternational {S}ymposium on 
                  {O}bject-{O}riented {R}eal {T}ime {D}istributed {C}omputing
                  (ISORC'05)},
  year = 	 {2005},
}

