@Article{Barbalace08,
  title =	 {{``Performance Comparison of VxWorks, Linux, RTAI, and Xenomai in a Hard
                  Real-Time Application''}},
  author =	 {A. Barbalace and A. Luchetta and G. Manduchi and M. Moro and A. Soppelsa and
                  C. Taliercio},
  journal =	 {IEEE Trans. on Nuclear Science},
  year =	 {2008},
  OPTmonth =	 {Feb.},
  volume =	 {55},
  number =	 {1},
  pages =	 {435-439},
  keywords =	 {Linux, local area networks, physics computing, protocolsGigabit Ethernet
                  network communication, Linux, MPC7455 PowerPC processor, RTAI, VMEbus
                  MVME5500 boards, Wind River VxWorks, Xenomai, open-source hard real-time
                  network protocol},
  doi =		 {10.1109/TNS.2007.905231},
  ISSN =	 {0018-9499},
}

@Book{Bovet05,
  author =	 {D. P. Bovet and M. Cesati},
  publisher =	 {O'Reilly},
  title =	 {{Understanding the Linux Kernel}},
  edition =	 {3rd},
  year =	 2005,
}

@InProceedings{Brito04,
  title =	 {{``Comunicação Ethernet em Tempo-real para uma Rede de
                  Microcontroladores''}},
  author =	 {A. Brito and F. Brasileiro and C. E. Leite and A. C. Buriti},
  booktitle =	 {XV Congresso Brasileiro de Automática},
  year =	 {2004},
  OPTaddress =	 {Gramado, Rio Grande do Sul},
}

@InProceedings{Carreiro03,
  author =	 {F. B. Carreiro and J. A. Fonseca and P. Pedreiras},
  title =	 {{``Virtual Token-Passing Ethernet - VTPE''}},
  booktitle =	 {5th Int. Conf. on Fieldbus Systems and their Applications},
  year =	 2003,
  OPTaddress =	 {Aveiro, Portugal},
}

@InProceedings{Cristian88,
  author =	 {F. Cristian},
  title =	 {{``Agreeing on Who Is Present and Who Is Absent in a Synchronous Distributed
                  System''}},
  booktitle =	 {18th IEEE Int. Conf. on Fault-Tolerant Computing},
  OPTpublisher = {IEEE Computer Society Press},
  year =	 1988,
  OPTaddress =	 {Tokyio, Japan},
}

@Article{Decotignie05,
  author =	 {J.-D. Decotignie},
  title =	 {{``Ethernet-Based Real-Time and Industrial Communications''}},
  journal =	 {{IEEE} (Special Issue on Industrial Communication Systems)},
  year =	 2005,
  volume =	 93,
  number =	 6,
  pages =	 {1102-1117},
  OPTmonth =	 {Jun.},
}

@InProceedings{Dolejs04,
  author =	 {O. Dolejs and P. Smolik and Z. Hanzalek},
  title =	 {{``On the Ethernet Use for Real-time Publish-subscribe Based
                  Applications''}} ,
  pages =	 {39-44},
  booktitle =	 {5th IEEE Int. Workshop on Factory Communication Systems},
  year =	 2004,
}

@Misc{Gerum05,
  author = 	 {P. Gerum},
  title = 	 {Life with ADEOS},
  howpublished = {{www.xenomai.org/documentation/branches/v2.0.x/pdf/Life-with-Adeos.pdf}},
  year = 	 {2005},
  month = 	 {June},
}

@TechReport{Hanssen03,
  author =	 {F. T. Y. Hanssen and P. G. Jansen},
  title =	 {{``Real-Time Communication Protocols: an Overview''}},
  institution =	 {University of {T}wente},
  year =	 2003,
  number =	 {TR-CTIT-03-49},
  address =	 {The {N}etherlands},
}

@InProceedings{Kiszka05a,
  author =	 {J. Kiszka},
  title =	 {{``The Real-Time Driver Model and First Applications''}},
  booktitle =	 {7th Real-Time Linux Workshop},
  year =	 2005,
  OPTaddress = 	 {Lille, France},
}

@InProceedings{Kiszka05b,
  title =	 {{``RTnet - A Flexible Hard Real-Time Networking Framework''}},
  author =	 {Kiszka, J. and Wagner, B. and Y. Zhang and J. Broenink},
  booktitle =	 {10th {IEEE} Int. Conf. on Emerging  Technologies and Factory Automation},
  year =	 {2005},
  OPTmonth =	 {Sept.},
  volume =	 {1},
  number =	 {},
  pages =	 {449-456},
  keywords =	 {local area networks, real-time systemsEthernet, FireWire, hard real-time
                  networking framework, open source project RTnet},
  doi =		 {10.1109/ETFA.2005.1612559},
  ISSN =	 {},
}

@InProceedings{Kohn04,
  title =	 {{``Universal Communication Architecture For High-Dynamic Robot Systems Using
                  QNX''}},
  author =	 {N. Kohn and J.-U. Varchmin and J. Steiner and U. Goltz},
  booktitle =	 {8th Int. Control, Automation, Robotics and Vision Conf.},
  year =	 {2004},
  month =	 {Dec.},
  OPTvolume =	 {1},
  number =	 {},
  pages =	 { 205-210 },
  keywords =	 { computer communications software, control engineering computing, parallel
                  architectures, parallel machines, robot dynamics closed kinematic chains,
                  flexible communication architecture, high-dynamic robot systems, parallel
                  kinematic machines, parallel robot systems, robot mass ratio, universal
                  communication architecture},
  OPTdoi =		 {10.1109/ICARCV.2004.1468823},
  OPTISSN =	 { },
}

@Article{Lian01,
  author =	 {F.-L. Lian and J. R. Moyne and D. M. Tilbury},
  title =	 {{``Performance Evaluation of Control Networks: Ethernet, ControlNet
                  and DeviceNet''}},
  journal =	 {IEEE Control Systems Magazine},
  year =	 2001,
  volume =	 21,
  number =	 1,
  month =	 {Feb.},
  pages =	 {66-83}
}

@Book{Liu00,
  author =       {J. W. S. Liu},
  title =        {{Real-Time Systems}},
  publisher =    {Prentice-Hall},
  year =         {2000}
}

@InProceedings{Pedreiras02,
  author =	 {P. Pedreiras and L. Almeida and P. Gai},
  title =	 {{``The FTT-Ethernet Protocol: Merging Flexibility, Timeliness and
                  Efficiency''}},
  booktitle =	 {14th Euromicro Conf. on Real-Time Systems},
  OPTjournal =	 {Real-Time Systems, 2002. Proceedings. 14th Euromicro Conference on},
  year =	 2002,
  pages =	 {134-142},
  volume =	 {},
}

@InProceedings{Regnier06,
  author =	 {P. Regnier and G. Lima},
  title =	 {{``Deterministic Integration of Hard and Soft Real-Time Communication
                  over Shared-Ethernet''}},
  booktitle =	 {8th Workshop on Real Time Systems},
  year =	 2006,
  OPTmonth =	 {June},
  OPTaddress =	 {Curitíba, BR},
}

@InProceedings{Regnier08b,
  author = 	 {P. Regnier and G. Lima and A. Andrade},
  title = 	 {``{A TLA+ Formal Specification and Verification of a New Real-time
                   Communication Protocol}''},
  booktitle =    {Brazilian Symposium on Formal Methods},
  OPTaddress = 	 {Salvador - Brazil},
  OPTmonth = 	 {august},
  year = 	 {2008},
  pages =	 {209-224},
  OPTannote = 	 {}
}

@article{Regnier08d,
  author =	 {Paul Regnier and George Lima and Luciano Barreto},
  title =	 {``{Evaluation of Interrupt Handling Timeliness in Real-time Linux
                  Operating Systems}''},
  journal =	 {ACM SIGOPS Operating Systems Review},
  volume =	 {42},
  number =	 {6},
  year =	 {2008},
  issn =	 {0163-5980},
  pages =	 {52--63},
  doi =		 {http://doi.acm.org/10.1145/1453775.1453787},
  publisher =	 {ACM},
  address =	 {New York, NY, USA},
}

@InProceedings{Venkatrami94,
  author =	 {C. Venkatrami and T. Chiueh},
  title =	 {{``Supporting Real-Time Traffic on Ethernet''}},
  pages =	 {282-286},
  booktitle =	 {15th IEEE Int. Real-Time Systems Symposium},
  year =	 1994,
}

@Misc{Xenomai,
  title =	 {{``Xenomai''}},
  author =	 {{Gerum P. et al.}},
  howpublished = {{http://www.xenomai.org}},
  month =	 {June},
  year =	 {2009},
}
